<?xml version="1.0" encoding="UTF-8"?><collection xmlns="http://www.loc.gov/MARC21/slim"><record><leader>00427nam--2200157-i-4500</leader><controlfield tag="001">000034137</controlfield><controlfield tag="002">20161230</controlfield><controlfield tag="005">20161230201039</controlfield><controlfield tag="008">060222s1000------------r-----000-0-eng-d</controlfield><datafield ind1=" " ind2=" " tag="100"><subfield code="a">Neumann, John Von</subfield></datafield><datafield ind1=" " ind2=" " tag="245"><subfield code="a">Theory of games, astrphysics, hydrodynamics and meteorology</subfield></datafield><datafield ind1=" " ind2=" " tag="260"><subfield code="a">Oxford, Pergamon Press, 1963</subfield></datafield><datafield ind1=" " ind2=" " tag="300"><subfield code="a">538 p</subfield></datafield><datafield ind1=" " ind2=" " tag="490"><subfield code="a">Collected Works</subfield><subfield code="v">vol. VI</subfield></datafield><datafield ind1=" " ind2=" " tag="852"><subfield code="a">17818</subfield></datafield><datafield ind1=" " ind2=" " tag="CAT"><subfield code="a">Sys</subfield><subfield code="c">20080407</subfield><subfield code="h">101937</subfield></datafield></record></collection>